% This file was created with JabRef 2.9b2.
% Encoding: UTF-8

@BOOK{donea2003,
  title = {{Finite element methods for flow problems}},
  publisher = {John Wiley \& Sons},
  year = {2003},
  author = {Donea, J. and Huerta, A.},
  comment = {Checked 07/12/2010}
}

@ARTICLE{farrell2013,
  author = {Farrell, P. E. and Ham, D. A. and Funke, S. W. and Rognes, M. E.},
  title = {{Automated derivation of the adjoint of high-level transient finite
	element programs}},
  journal = {SIAM Journal on Scientific Computing},
  year = {2013},
  volume = {35},
  pages = {C369--C393},
  number = {4},
  comment = {Checked 03/12/2014}
}

@MISC{funke2013,
  author = {S. W. Funke and P. E. Farrell},
  title = {{A framework for automated PDE-constrained optimisation}},
  year = {2013},
  note = {arXiv:1302.3894 [cs.MS]}
}

@BOOK{gresho2000,
  title = {{Incompressible flow and the finite element method}},
  publisher = {John Wiley \& Sons},
  year = {2000},
  author = {Gresho, P. M. and Sani, R. L.},
  volume = {1: advection-diffusion},
  comment = {Checked 27/04/2011},
  owner = {maddison},
  timestamp = {2011.05.04}
}

@ARTICLE{griewank2000,
  author = {Griewank, A. and Walther, A.},
  title = {{Algorithm 799: Revolve: An implementation of checkpointing for the
  reverse or adjoint mode of computational differentiation}},
  journal = {ACM Transactions on Mathematical Software},
  year = {2000},
  volume = {26},
  pages = {19--45},
  number = {1},
  comment = {Checked 11/03/2013}
}

@BOOK{hairer1987,
  title = {{Solving ordinary differential equations I: Nonstiff problems}},
  publisher = {Springer},
  year = {1987},
  author = {Hairer, E. and N{\o}rsett, S. P. and Wanner, G.},
  owner = {james},
  timestamp = {2013.05.07}
}

@BOOK{iserles2009,
  title = {{A first course in the numerical analysis of differential equations}},
  publisher = {Cambridge University Press},
  year = {2009},
  author = {Iserles, A.},
  edition = {2nd},
  owner = {james},
  timestamp = {2013.05.07}
}

@ARTICLE{maddison2014,
  author = {Maddison, J. R. and Farrell, P. E.},
  title = {{Rapid development and adjoining of transient finite element models}},
  journal = {Computer Methods in Applied Mechanics and Engineering},
  year = {2014},
  volume = {276},
  pages = {95--121},
  comment = {Checked 06/06/2014},
  owner = {jmaddis2},
  timestamp = {2014.06.06}
}

@BOOK{mitchell1980,
  title = {{The finite difference method in partial differential equations}},
  publisher = {John Wiley \& Sons},
  year = {1980},
  author = {Mitchell, A. R. and Griffiths, D. F.},
  owner = {james},
  timestamp = {2013.05.07}
}

@BOOK{logg2012,
  title = {{Automated solution of differential equations by the finite element
  method: The FEniCS book}},
  publisher = {Springer},
  year = {2012},
  editor = {Logg, A. and Mardal, K.-A. and Wells, G. N.},
  volume = {84},
  series = {Lecture Notes in Computational Science and Engineering},
  comment = {Checked 13/08/2013},
  owner = {james},
  timestamp = {2013.01.09}
}

@ELECTRONIC{da,
  title = {dolfin-adjoint documentation},
  url = {http://www.dolfin-adjoint.org/en/latest/documentation}
}

